<?xml version="1.0" encoding="UTF-8"?>
<alto xmlns:xsi="http://www.w3.org/2001/XMLSchema-instance"
      xmlns="http://www.loc.gov/standards/alto/ns-v4#"
      xsi:schemaLocation="http://www.loc.gov/standards/alto/ns-v4# http://www.loc.gov/standards/alto/v4/alto-4-2.xsd">
  <Description>
    <MeasurementUnit>pixel</MeasurementUnit>
    <sourceImageInformation>
      <fileName>De_la_généalogie_des_dieux_[...]Boccace_(1313-1375)_bpt6k105063r(1)-1-page-010.jpg</fileName>
      
    </sourceImageInformation>
  </Description>
  
  <Tags>
    <OtherTag ID="BT1" LABEL="Title" DESCRIPTION="block type Title"/><OtherTag ID="BT2" LABEL="Main" DESCRIPTION="block type Main"/><OtherTag ID="BT3" LABEL="Commentary" DESCRIPTION="block type Commentary"/><OtherTag ID="BT4" LABEL="Illustration" DESCRIPTION="block type Illustration"/><OtherTag ID="BT1461" LABEL="Feuillet" DESCRIPTION="block type Feuillet"/><OtherTag ID="BT1462" LABEL="Initiales" DESCRIPTION="block type Initiales"/><OtherTag ID="BT1463" LABEL="Notes marginales" DESCRIPTION="block type Notes marginales"/>
    <OtherTag ID="LT1" LABEL="Main" DESCRIPTION="line type Main"/><OtherTag ID="LT2" LABEL="Numbering" DESCRIPTION="line type Numbering"/><OtherTag ID="LT3" LABEL="Correction" DESCRIPTION="line type Correction"/><OtherTag ID="LT4" LABEL="Signature" DESCRIPTION="line type Signature"/>
  </Tags>
  
  <Layout>
    <Page WIDTH="2133"
          HEIGHT="3016"
          PHYSICAL_IMG_NR="10"
          ID="eSc_dummypage_">
      <PrintSpace HPOS="0"
                  VPOS="0"
                  WIDTH="2133"
                  HEIGHT="3016">
        
        <TextBlock HPOS="354"
                   VPOS="140"
                   WIDTH="748"
                   HEIGHT="2461"
                   ID="eSc_textblock_6bc67d87"
                   TAGREFS="BT">
          <Shape><Polygon POINTS="1063 2601 362 2601 362 1980 354 1961 354 1878 362 1877 382 140 1098 145 1098 448 1102 448"/></Shape>
          
          
          <TextLine ID="eSc_line_3f42902f"
                    
                    BASELINE="379 193 1086 185" 
                    HPOS="374"
                    VPOS="135"
                    WIDTH="712"
                    HEIGHT="71">
            <Shape><Polygon POINTS="379 193 374 143 1079 135 1086 185 1084 198 379 206"/></Shape>
	    <String CONTENT="et demourance soubz terre du dit demo"
                    HPOS="374"
                    VPOS="135"
                    WIDTH="712"
                    HEIGHT="71"></String>
          </TextLine>

          
          
          <TextLine ID="eSc_line_48615f9b"
                    
                    BASELINE="382 246 1089 238" 
                    HPOS="377"
                    VPOS="183"
                    WIDTH="712"
                    HEIGHT="80">
            <Shape><Polygon POINTS="382 246 377 198 1081 183 1089 238 1089 248 382 263"/></Shape>
	    <String CONTENT="gorgon Dit que la terre tremble quant"
                    HPOS="377"
                    VPOS="183"
                    WIDTH="712"
                    HEIGHT="80"></String>
          </TextLine>

          
          
          <TextLine ID="eSc_line_fa198f13"
                    
                    BASELINE="382 296 1086 291" 
                    HPOS="377"
                    VPOS="246"
                    WIDTH="709"
                    HEIGHT="63">
            <Shape><Polygon POINTS="382 296 377 251 1079 246 1086 291 1084 304 382 309"/></Shape>
	    <String CONTENT="on le nomme ou appelle. ce que iamais"
                    HPOS="377"
                    VPOS="246"
                    WIDTH="709"
                    HEIGHT="63"></String>
          </TextLine>

          
          
          <TextLine ID="eSc_line_9049aa67"
                    
                    BASELINE="379 349 1084 344" 
                    HPOS="374"
                    VPOS="296"
                    WIDTH="710"
                    HEIGHT="65">
            <Shape><Polygon POINTS="379 349 374 301 1076 296 1084 344 1081 356 379 361"/></Shape>
	    <String CONTENT="elle ne fait si elle nest par lui ebranlee"
                    HPOS="374"
                    VPOS="296"
                    WIDTH="710"
                    HEIGHT="65"></String>
          </TextLine>

          
          
          <TextLine ID="eSc_line_09c51201"
                    
                    BASELINE="379 402 1084 397" 
                    HPOS="374"
                    VPOS="349"
                    WIDTH="710"
                    HEIGHT="63">
            <Shape><Polygon POINTS="379 402 374 354 1076 349 1084 397 1081 407 379 412"/></Shape>
	    <String CONTENT="et enuie dit aussi quil uoit la gorgonne."
                    HPOS="374"
                    VPOS="349"
                    WIDTH="710"
                    HEIGHT="63"></String>
          </TextLine>

          
          
          <TextLine ID="eSc_line_b232cb16"
                    
                    BASELINE="379 452 1086 447" 
                    HPOS="374"
                    VPOS="402"
                    WIDTH="712"
                    HEIGHT="70">
            <Shape><Polygon POINTS="379 452 374 407 1079 402 1086 447 1084 459 379 472"/></Shape>
	    <String CONTENT="Cest adire la terre apertement et plai“"
                    HPOS="374"
                    VPOS="402"
                    WIDTH="712"
                    HEIGHT="70"></String>
          </TextLine>

          
          
          <TextLine ID="eSc_line_2d639baa"
                    
                    BASELINE="382 505 1084 497" 
                    HPOS="377"
                    VPOS="452"
                    WIDTH="707"
                    HEIGHT="68">
            <Shape><Polygon POINTS="382 505 377 459 1076 452 1084 497 1084 510 382 520"/></Shape>
	    <String CONTENT="nement Pource quelle habite Dedens"
                    HPOS="377"
                    VPOS="452"
                    WIDTH="707"
                    HEIGHT="68"></String>
          </TextLine>

          
          
          <TextLine ID="eSc_line_2b65e5e8"
                    
                    BASELINE="382 555 1079 555" 
                    HPOS="379"
                    VPOS="500"
                    WIDTH="700"
                    HEIGHT="70">
            <Shape><Polygon POINTS="382 555 379 507 1076 500 1079 555 1079 568 382 570"/></Shape>
	    <String CONTENT="les entrailles et uentre de la terre. maiˢ"
                    HPOS="379"
                    VPOS="500"
                    WIDTH="700"
                    HEIGHT="70"></String>
          </TextLine>

          
          
          <TextLine ID="eSc_line_38e9cf2c"
                    
                    BASELINE="379 610 1081 603" 
                    HPOS="374"
                    VPOS="555"
                    WIDTH="707"
                    HEIGHT="68">
            <Shape><Polygon POINTS="379 610 374 562 1074 555 1081 603 1079 615 379 623"/></Shape>
	    <String CONTENT="nous qui cy hault habitons ne uoions"
                    HPOS="374"
                    VPOS="555"
                    WIDTH="707"
                    HEIGHT="68"></String>
          </TextLine>

          
          
          <TextLine ID="eSc_line_5d1be8a7"
                    
                    BASELINE="379 663 1084 658" 
                    HPOS="374"
                    VPOS="608"
                    WIDTH="710"
                    HEIGHT="73">
            <Shape><Polygon POINTS="379 663 374 613 1076 608 1084 658 1081 668 379 681"/></Shape>
	    <String CONTENT="seulement que la superfice De la dicte"
                    HPOS="374"
                    VPOS="608"
                    WIDTH="710"
                    HEIGHT="73"></String>
          </TextLine>

          
          
          <TextLine ID="eSc_line_d44bbc39"
                    
                    BASELINE="379 713 1084 706" 
                    HPOS="374"
                    VPOS="655"
                    WIDTH="710"
                    HEIGHT="73">
            <Shape><Polygon POINTS="379 713 374 668 1076 655 1084 706 1081 721 379 728"/></Shape>
	    <String CONTENT="terre. Ou il uoit et regarde apertemẽt"
                    HPOS="374"
                    VPOS="655"
                    WIDTH="710"
                    HEIGHT="73"></String>
          </TextLine>

          
          
          <TextLine ID="eSc_line_310fefd1"
                    
                    BASELINE="379 766 1081 761" 
                    HPOS="374"
                    VPOS="716"
                    WIDTH="707"
                    HEIGHT="63">
            <Shape><Polygon POINTS="379 766 374 721 1074 716 1081 761 1079 774 379 779"/></Shape>
	    <String CONTENT="ce monstre appelle gorgõne toutes cho"
                    HPOS="374"
                    VPOS="716"
                    WIDTH="707"
                    HEIGHT="63"></String>
          </TextLine>

          
          
          <TextLine ID="eSc_line_06959852"
                    
                    BASELINE="379 819 1084 814" 
                    HPOS="374"
                    VPOS="764"
                    WIDTH="710"
                    HEIGHT="75">
            <Shape><Polygon POINTS="379 819 374 774 1076 764 1084 814 1081 826 379 839"/></Shape>
	    <String CONTENT="ses le regardant en pierres et roches cõ"
                    HPOS="374"
                    VPOS="764"
                    WIDTH="710"
                    HEIGHT="75"></String>
          </TextLine>

          
          
          <TextLine ID="eSc_line_fe3b53fa"
                    
                    BASELINE="379 872 1084 864" 
                    HPOS="374"
                    VPOS="816"
                    WIDTH="710"
                    HEIGHT="68">
            <Shape><Polygon POINTS="379 872 374 826 1076 816 1084 864 1081 877 379 884"/></Shape>
	    <String CONTENT="uertissant. Et touttefois nest il point"
                    HPOS="374"
                    VPOS="816"
                    WIDTH="710"
                    HEIGHT="68"></String>
          </TextLine>

          
          
          <TextLine ID="eSc_line_6900ea9e"
                    
                    BASELINE="377 922 1081 922" 
                    HPOS="377"
                    VPOS="874"
                    WIDTH="704"
                    HEIGHT="63">
            <Shape><Polygon POINTS="377 922 377 874 1081 874 1081 922 1081 937 377 937"/></Shape>
	    <String CONTENT="mue ne conuertie en pierre : Affin que le"
                    HPOS="377"
                    VPOS="874"
                    WIDTH="704"
                    HEIGHT="63"></String>
          </TextLine>

          
          
          <TextLine ID="eSc_line_8d3ec81a"
                    
                    BASELINE="374 975 1079 975" 
                    HPOS="374"
                    VPOS="927"
                    WIDTH="705"
                    HEIGHT="65">
            <Shape><Polygon POINTS="374 975 374 927 1079 927 1079 975 1079 985 374 992"/></Shape>
	    <String CONTENT="signe euident de la preeminence appa“"
                    HPOS="374"
                    VPOS="927"
                    WIDTH="705"
                    HEIGHT="65"></String>
          </TextLine>

          
          
          <TextLine ID="eSc_line_20db7434"
                    
                    BASELINE="372 1027 1079 1027" 
                    HPOS="369"
                    VPOS="970"
                    WIDTH="710"
                    HEIGHT="70">
            <Shape><Polygon POINTS="372 1027 369 982 445 970 445 970 447 970 1079 982 1079 1027 1079 1040 372 1040"/></Shape>
	    <String CONTENT="roisse. Tiercement se monstre sa pu"
                    HPOS="369"
                    VPOS="970"
                    WIDTH="710"
                    HEIGHT="70"></String>
          </TextLine>

          
          
          <TextLine ID="eSc_line_37940413"
                    
                    BASELINE="374 1083 1074 1075" 
                    HPOS="369"
                    VPOS="1027"
                    WIDTH="705"
                    HEIGHT="66">
            <Shape><Polygon POINTS="374 1083 369 1032 1066 1027 1074 1075 1071 1088 374 1093"/></Shape>
	    <String CONTENT="issance mesmement enuers les enfers"
                    HPOS="369"
                    VPOS="1027"
                    WIDTH="705"
                    HEIGHT="66"></String>
          </TextLine>

          
          
          <TextLine ID="eSc_line_b611ded0"
                    
                    BASELINE="374 1133 1076 1128" 
                    HPOS="369"
                    VPOS="1083"
                    WIDTH="707"
                    HEIGHT="63">
            <Shape><Polygon POINTS="374 1133 369 1088 1069 1083 1076 1128 1074 1141 374 1146"/></Shape>
	    <String CONTENT="quant on le dit chastier et ynue par ba“"
                    HPOS="369"
                    VPOS="1083"
                    WIDTH="707"
                    HEIGHT="63"></String>
          </TextLine>

          
          
          <TextLine ID="eSc_line_20fa061f"
                    
                    BASELINE="372 1183 1074 1178" 
                    HPOS="367"
                    VPOS="1128"
                    WIDTH="707"
                    HEIGHT="78">
            <Shape><Polygon POINTS="372 1183 367 1138 1066 1128 1074 1178 1071 1193 372 1206"/></Shape>
	    <String CONTENT="steures. cest adire reprimer ⁊ irriter leˢ"
                    HPOS="367"
                    VPOS="1128"
                    WIDTH="707"
                    HEIGHT="78"></String>
          </TextLine>

          
          
          <TextLine ID="eSc_line_02a0e55b"
                    
                    BASELINE="372 1239 1076 1234" 
                    HPOS="367"
                    VPOS="1186"
                    WIDTH="709"
                    HEIGHT="70">
            <Shape><Polygon POINTS="372 1239 367 1193 1069 1186 1076 1234 1074 1246 372 1256"/></Shape>
	    <String CONTENT="furies infernales par sa puissance. Et"
                    HPOS="367"
                    VPOS="1186"
                    WIDTH="709"
                    HEIGHT="70"></String>
          </TextLine>

          
          
          <TextLine ID="eSc_line_fc033ad7"
                    
                    BASELINE="369 1289 1071 1284" 
                    HPOS="362"
                    VPOS="1229"
                    WIDTH="709"
                    HEIGHT="72">
            <Shape><Polygon POINTS="369 1289 362 1241 1063 1229 1071 1284 1069 1296 369 1301"/></Shape>
	    <String CONTENT="le dit stace estre cogneu des superiores/"
                    HPOS="362"
                    VPOS="1229"
                    WIDTH="709"
                    HEIGHT="72"></String>
          </TextLine>

          
          
          <TextLine ID="eSc_line_e61f4856"
                    
                    BASELINE="372 1344 1074 1337" 
                    HPOS="367"
                    VPOS="1289"
                    WIDTH="707"
                    HEIGHT="68">
            <Shape><Polygon POINTS="372 1344 367 1296 1066 1289 1074 1337 1071 1352 372 1357"/></Shape>
	    <String CONTENT="affin quil le demonstre des choses soubz"
                    HPOS="367"
                    VPOS="1289"
                    WIDTH="707"
                    HEIGHT="68"></String>
          </TextLine>

          
          
          <TextLine ID="eSc_line_c090230c"
                    
                    BASELINE="372 1394 1076 1389" 
                    HPOS="367"
                    VPOS="1342"
                    WIDTH="709"
                    HEIGHT="65">
            <Shape><Polygon POINTS="372 1394 367 1349 1069 1342 1076 1389 1074 1404 372 1407"/></Shape>
	    <String CONTENT="terre et toutes autres estre prince ⁊ sei"
                    HPOS="367"
                    VPOS="1342"
                    WIDTH="709"
                    HEIGHT="65"></String>
          </TextLine>

          
          
          <TextLine ID="eSc_line_0147bcc6"
                    
                    BASELINE="372 1447 1076 1442" 
                    HPOS="367"
                    VPOS="1397"
                    WIDTH="709"
                    HEIGHT="68">
            <Shape><Polygon POINTS="372 1447 367 1402 1069 1397 1076 1442 1074 1452 372 1465"/></Shape>
	    <String CONTENT="gneur ⁊ que par les hõmes inuoque il a"
                    HPOS="367"
                    VPOS="1397"
                    WIDTH="709"
                    HEIGHT="68"></String>
          </TextLine>

          
          
          <TextLine ID="eSc_line_13b91752"
                    
                    BASELINE="369 1497 1076 1497" 
                    HPOS="369"
                    VPOS="1450"
                    WIDTH="707"
                    HEIGHT="68">
            <Shape><Polygon POINTS="369 1497 369 1450 1076 1450 1076 1497 1076 1508 369 1518"/></Shape>
	    <String CONTENT="pouoir cõtraindre leˢ esperitz ĩfernaulx"
                    HPOS="369"
                    VPOS="1450"
                    WIDTH="707"
                    HEIGHT="68"></String>
          </TextLine>

          
          
          <TextLine ID="eSc_line_07e7befd"
                    
                    BASELINE="372 1550 1079 1550" 
                    HPOS="372"
                    VPOS="1502"
                    WIDTH="707"
                    HEIGHT="61">
            <Shape><Polygon POINTS="372 1550 372 1502 1079 1502 1079 1550 1079 1563 372 1563"/></Shape>
	    <String CONTENT="ou desir Des mortelz contre leur uou“"
                    HPOS="372"
                    VPOS="1502"
                    WIDTH="707"
                    HEIGHT="61"></String>
          </TextLine>

          
          
          <TextLine ID="eSc_line_fb4dbc83"
                    
                    BASELINE="369 1598 1076 1603" 
                    HPOS="364"
                    VPOS="1545"
                    WIDTH="712"
                    HEIGHT="68">
            <Shape><Polygon POINTS="369 1598 369 1545 1074 1550 1076 1603 1071 1613 364 1611"/></Shape>
	    <String CONTENT="loir. dit que cest chose illicite De leur uou"
                    HPOS="364"
                    VPOS="1545"
                    WIDTH="712"
                    HEIGHT="68"></String>
          </TextLine>

          
          
          <TextLine ID="eSc_line_373fd67c"
                    
                    BASELINE="369 1651 1071 1656" 
                    HPOS="364"
                    VPOS="1600"
                    WIDTH="707"
                    HEIGHT="66">
            <Shape><Polygon POINTS="369 1651 369 1600 1069 1606 1071 1656 1066 1666 364 1661"/></Shape>
	    <String CONTENT="loir congnoistre Car sauoir les secretz"
                    HPOS="364"
                    VPOS="1600"
                    WIDTH="707"
                    HEIGHT="66"></String>
          </TextLine>

          
          
          <TextLine ID="eSc_line_13d35129"
                    
                    BASELINE="369 1706 1074 1701" 
                    HPOS="367"
                    VPOS="1656"
                    WIDTH="707"
                    HEIGHT="63">
            <Shape><Polygon POINTS="369 1706 367 1656 1069 1656 1074 1701 1071 1714 369 1719"/></Shape>
	    <String CONTENT="diuins napartient pas a tous. Pource"
                    HPOS="367"
                    VPOS="1656"
                    WIDTH="707"
                    HEIGHT="63"></String>
          </TextLine>

          
          
          <TextLine ID="eSc_line_6719718b"
                    
                    BASELINE="369 1759 1074 1759" 
                    HPOS="369"
                    VPOS="1709"
                    WIDTH="705"
                    HEIGHT="62">
            <Shape><Polygon POINTS="369 1759 369 1709 1074 1709 1074 1759 1074 1771 369 1771"/></Shape>
	    <String CONTENT="que silz estoient congneuz la puissance"
                    HPOS="369"
                    VPOS="1709"
                    WIDTH="705"
                    HEIGHT="62"></String>
          </TextLine>

          
          
          <TextLine ID="eSc_line_1d886b22"
                    
                    BASELINE="369 1809 1076 1809" 
                    HPOS="369"
                    VPOS="1759"
                    WIDTH="707"
                    HEIGHT="63">
            <Shape><Polygon POINTS="369 1809 369 1759 1076 1761 1076 1809 1076 1822 369 1822"/></Shape>
	    <String CONTENT="De la Dicte uiendroit en contemps et"
                    HPOS="369"
                    VPOS="1759"
                    WIDTH="707"
                    HEIGHT="63"></String>
          </TextLine>

          
          
          <TextLine ID="eSc_line_190c7318"
                    
                    BASELINE="369 1862 1074 1862" 
                    HPOS="369"
                    VPOS="1807"
                    WIDTH="705"
                    HEIGHT="67">
            <Shape><Polygon POINTS="369 1862 369 1807 1074 1812 1074 1862 1074 1874 369 1874"/></Shape>
	    <String CONTENT="deprisemens : Et ainsi que dit theodon"
                    HPOS="369"
                    VPOS="1807"
                    WIDTH="705"
                    HEIGHT="67"></String>
          </TextLine>

          
          
          <TextLine ID="eSc_line_5fec7c1c"
                    
                    BASELINE="364 1920 1071 1910" 
                    HPOS="357"
                    VPOS="1857"
                    WIDTH="714"
                    HEIGHT="73">
            <Shape><Polygon POINTS="364 1920 357 1867 1063 1857 1071 1910 1069 1922 364 1930"/></Shape>
	    <String CONTENT="cius la uenerable et liberale uestuste et"
                    HPOS="357"
                    VPOS="1857"
                    WIDTH="714"
                    HEIGHT="73"></String>
          </TextLine>

          
          
          <TextLine ID="eSc_line_573d4510"
                    
                    BASELINE="369 1967 1069 1967" 
                    HPOS="369"
                    VPOS="1917"
                    WIDTH="700"
                    HEIGHT="63">
            <Shape><Polygon POINTS="369 1967 369 1917 1069 1917 1069 1967 1069 1980 369 1980"/></Shape>
	    <String CONTENT="anciennete affin que iceluy Demogor“"
                    HPOS="369"
                    VPOS="1917"
                    WIDTH="700"
                    HEIGHT="63"></String>
          </TextLine>

          
          
          <TextLine ID="eSc_line_6cceef9f"
                    
                    BASELINE="367 2018 1066 2018" 
                    HPOS="364"
                    VPOS="1962"
                    WIDTH="702"
                    HEIGHT="76">
            <Shape><Polygon POINTS="367 2018 364 1970 1063 1962 1066 2018 1066 2030 367 2038"/></Shape>
	    <String CONTENT="gon ne fust ennuye ⁊ lasse Destre tout"
                    HPOS="364"
                    VPOS="1962"
                    WIDTH="702"
                    HEIGHT="76"></String>
          </TextLine>

          
          
          <TextLine ID="eSc_line_c0bf4fe0"
                    
                    BASELINE="367 2070 1069 2065" 
                    HPOS="362"
                    VPOS="2018"
                    WIDTH="707"
                    HEIGHT="73">
            <Shape><Polygon POINTS="367 2070 362 2025 1061 2018 1069 2065 1066 2078 367 2091"/></Shape>
	    <String CONTENT="seul luy a donne pour compaignes ⁊ fẽ"
                    HPOS="362"
                    VPOS="2018"
                    WIDTH="707"
                    HEIGHT="73"></String>
          </TextLine>

          
          
          <TextLine ID="eSc_line_57144c70"
                    
                    BASELINE="367 2123 1069 2118" 
                    HPOS="362"
                    VPOS="2068"
                    WIDTH="707"
                    HEIGHT="68">
            <Shape><Polygon POINTS="367 2123 362 2078 1061 2068 1069 2118 1066 2131 367 2136"/></Shape>
	    <String CONTENT="mes eternite et chaos et une grande et"
                    HPOS="362"
                    VPOS="2068"
                    WIDTH="707"
                    HEIGHT="68"></String>
          </TextLine>

          
          
          <TextLine ID="eSc_line_dac388bf"
                    
                    BASELINE="367 2176 1069 2171" 
                    HPOS="362"
                    VPOS="2123"
                    WIDTH="707"
                    HEIGHT="66">
            <Shape><Polygon POINTS="367 2176 362 2128 1061 2123 1069 2171 1066 2184 367 2189"/></Shape>
	    <String CONTENT="noble compagnie De filz. Car tant de"
                    HPOS="362"
                    VPOS="2123"
                    WIDTH="707"
                    HEIGHT="66"></String>
          </TextLine>

          
          
          <TextLine ID="eSc_line_0b044de2"
                    
                    BASELINE="367 2226 1066 2226" 
                    HPOS="367"
                    VPOS="2179"
                    WIDTH="699"
                    HEIGHT="62">
            <Shape><Polygon POINTS="367 2226 367 2179 1066 2179 1066 2226 1066 2239 367 2241"/></Shape>
	    <String CONTENT="masles et de fumeles luy ont attribue"
                    HPOS="367"
                    VPOS="2179"
                    WIDTH="699"
                    HEIGHT="62"></String>
          </TextLine>

          
          
          <TextLine ID="eSc_line_905dea0c"
                    
                    BASELINE="364 2279 1066 2274" 
                    HPOS="357"
                    VPOS="2226"
                    WIDTH="709"
                    HEIGHT="71">
            <Shape><Polygon POINTS="364 2279 357 2231 1058 2226 1066 2274 1063 2287 364 2297"/></Shape>
	    <String CONTENT="neuf ans ainsi quil apparoistra diuise“"
                    HPOS="357"
                    VPOS="2226"
                    WIDTH="709"
                    HEIGHT="71"></String>
          </TextLine>

          
          
          <TextLine ID="eSc_line_f7d266b3"
                    
                    BASELINE="362 2332 1066 2332" 
                    HPOS="362"
                    VPOS="2284"
                    WIDTH="704"
                    HEIGHT="60">
            <Shape><Polygon POINTS="362 2332 362 2284 1066 2284 1066 2332 1066 2344 362 2344"/></Shape>
	    <String CONTENT="ment : Cy seroit le liue au quel ie deue"
                    HPOS="362"
                    VPOS="2284"
                    WIDTH="704"
                    HEIGHT="60"></String>
          </TextLine>

          
          
          <TextLine ID="eSc_line_0a492a85"
                    
                    BASELINE="362 2382 1066 2382" 
                    HPOS="362"
                    VPOS="2334"
                    WIDTH="704"
                    HEIGHT="63">
            <Shape><Polygon POINTS="362 2382 362 2334 1066 2334 1066 2382 1066 2397 362 2397"/></Shape>
	    <String CONTENT="roye Declarer et expliquer se aucũe cho"
                    HPOS="362"
                    VPOS="2334"
                    WIDTH="704"
                    HEIGHT="63"></String>
          </TextLine>

          
          
          <TextLine ID="eSc_line_a7a42a3a"
                    
                    BASELINE="364 2432 1053 2437" 
                    HPOS="359"
                    VPOS="2377"
                    WIDTH="694"
                    HEIGHT="73">
            <Shape><Polygon POINTS="364 2432 362 2382 1048 2377 1053 2437 1048 2450 359 2445"/></Shape>
	    <String CONTENT="se morale estoit soubz la fiction poetiq̄"
                    HPOS="359"
                    VPOS="2377"
                    WIDTH="694"
                    HEIGHT="73"></String>
          </TextLine>

          
          
          <TextLine ID="eSc_line_77484ab0"
                    
                    BASELINE="362 2485 1061 2485" 
                    HPOS="359"
                    VPOS="2432"
                    WIDTH="702"
                    HEIGHT="68">
            <Shape><Polygon POINTS="362 2485 359 2437 1058 2432 1061 2485 1061 2500 362 2500"/></Shape>
	    <String CONTENT="dessus dicte mucee : Mais comme ainsi"
                    HPOS="359"
                    VPOS="2432"
                    WIDTH="702"
                    HEIGHT="68"></String>
          </TextLine>

          
          
          <TextLine ID="eSc_line_3696bf45"
                    
                    BASELINE="364 2538 1061 2538" 
                    HPOS="364"
                    VPOS="2488"
                    WIDTH="697"
                    HEIGHT="65">
            <Shape><Polygon POINTS="364 2538 364 2488 1061 2488 1061 2538 1061 2551 364 2553"/></Shape>
	    <String CONTENT="soit que le sens De ceste deite errone et"
                    HPOS="364"
                    VPOS="2488"
                    WIDTH="697"
                    HEIGHT="65"></String>
          </TextLine>

          
          
          <TextLine ID="eSc_line_ebfbcb40"
                    
                    BASELINE="362 2586 1061 2593" 
                    HPOS="357"
                    VPOS="2538"
                    WIDTH="704"
                    HEIGHT="70">
            <Shape><Polygon POINTS="362 2586 362 2538 1058 2543 1061 2593 1056 2608 357 2601"/></Shape>
	    <String CONTENT="decetiue soit nu et sans apparence de"
                    HPOS="357"
                    VPOS="2538"
                    WIDTH="704"
                    HEIGHT="70"></String>
          </TextLine>

          
        </TextBlock>
        
        <TextBlock HPOS="1066"
                   VPOS="28"
                   WIDTH="593"
                   HEIGHT="89"
                   ID="eSc_textblock_b585db94"
                   TAGREFS="BT1461">
          <Shape><Polygon POINTS="1066 28 1066 117 1659 117 1659 28"/></Shape>
          
          
          <TextLine ID="eSc_line_46a2b7c0"
                    
                    BASELINE="1096 90 1272 82" 
                    HPOS="1089"
                    VPOS="25"
                    WIDTH="183"
                    HEIGHT="90">
            <Shape><Polygon POINTS="1096 90 1089 35 1265 25 1272 82 1270 98 1096 115"/></Shape>
	    <String CONTENT="feuillet"
                    HPOS="1089"
                    VPOS="25"
                    WIDTH="183"
                    HEIGHT="90"></String>
          </TextLine>

          
          
          <TextLine ID="eSc_line_dd5d241f"
                    
                    BASELINE="1587 82 1637 82" 
                    HPOS="1587"
                    VPOS="27"
                    WIDTH="50"
                    HEIGHT="73">
            <Shape><Polygon POINTS="1587 82 1587 27 1637 27 1637 82 1637 100 1587 100"/></Shape>
	    <String CONTENT="iii"
                    HPOS="1587"
                    VPOS="27"
                    WIDTH="50"
                    HEIGHT="73"></String>
          </TextLine>

          
        </TextBlock>
        
        <TextBlock HPOS="1164"
                   VPOS="145"
                   WIDTH="735"
                   HEIGHT="1259"
                   ID="eSc_textblock_983c8200"
                   TAGREFS="BT">
          <Shape><Polygon POINTS="1899 150 1868 1404 1167 1404 1167 462 1164 448 1177 448 1177 145"/></Shape>
          
          
          <TextLine ID="eSc_line_8c1e901c"
                    
                    BASELINE="1184 188 1894 183" 
                    HPOS="1182"
                    VPOS="133"
                    WIDTH="712"
                    HEIGHT="68">
            <Shape><Polygon POINTS="1184 188 1182 133 1889 135 1894 183 1894 196 1184 201"/></Shape>
	    <String CONTENT="deite il ne me reste fors seullement ex“"
                    HPOS="1182"
                    VPOS="133"
                    WIDTH="712"
                    HEIGHT="68"></String>
          </TextLine>

          
          
          <TextLine ID="eSc_line_36a6f13e"
                    
                    BASELINE="1184 243 1891 238" 
                    HPOS="1179"
                    VPOS="191"
                    WIDTH="712"
                    HEIGHT="70">
            <Shape><Polygon POINTS="1184 243 1179 196 1883 191 1891 238 1889 248 1184 261"/></Shape>
	    <String CONTENT="pliquer ce que le nom horrible de ce Di“"
                    HPOS="1179"
                    VPOS="191"
                    WIDTH="712"
                    HEIGHT="70"></String>
          </TextLine>

          
          
          <TextLine ID="eSc_line_6c3f2fa8"
                    
                    BASELINE="1182 289 1891 294" 
                    HPOS="1177"
                    VPOS="241"
                    WIDTH="714"
                    HEIGHT="63">
            <Shape><Polygon POINTS="1182 289 1182 241 1891 246 1891 294 1886 304 1177 299"/></Shape>
	    <String CONTENT="eu uelt dire ⁊ denoter. Et certes com"
                    HPOS="1177"
                    VPOS="241"
                    WIDTH="714"
                    HEIGHT="63"></String>
          </TextLine>

          
          
          <TextLine ID="eSc_line_8df2a1e1"
                    
                    BASELINE="1182 346 1891 346" 
                    HPOS="1179"
                    VPOS="294"
                    WIDTH="712"
                    HEIGHT="67">
            <Shape><Polygon POINTS="1182 346 1179 296 1889 294 1891 346 1891 356 1182 361"/></Shape>
	    <String CONTENT="me ie croy ce mot Demogorgon uault"
                    HPOS="1179"
                    VPOS="294"
                    WIDTH="712"
                    HEIGHT="67"></String>
          </TextLine>

          
          
          <TextLine ID="eSc_line_0347829e"
                    
                    BASELINE="1182 397 1889 397" 
                    HPOS="1182"
                    VPOS="351"
                    WIDTH="707"
                    HEIGHT="61">
            <Shape><Polygon POINTS="1182 397 1182 351 1889 351 1889 397 1889 409 1182 412"/></Shape>
	    <String CONTENT="autant a dire comme dieu ⁊ ce mot gor"
                    HPOS="1182"
                    VPOS="351"
                    WIDTH="707"
                    HEIGHT="61"></String>
          </TextLine>

          
          
          <TextLine ID="eSc_line_48cf0c1e"
                    
                    BASELINE="1182 447 1886 452" 
                    HPOS="1179"
                    VPOS="394"
                    WIDTH="707"
                    HEIGHT="70">
            <Shape><Polygon POINTS="1182 447 1182 394 1883 399 1886 452 1883 459 1179 464"/></Shape>
	    <String CONTENT="gon est interprete terre ou sapience De"
                    HPOS="1179"
                    VPOS="394"
                    WIDTH="707"
                    HEIGHT="70"></String>
          </TextLine>

          
          
          <TextLine ID="eSc_line_87ea1277"
                    
                    BASELINE="1179 500 1883 500" 
                    HPOS="1179"
                    VPOS="454"
                    WIDTH="704"
                    HEIGHT="61">
            <Shape><Polygon POINTS="1179 500 1179 454 1883 454 1883 500 1883 515 1179 515"/></Shape>
	    <String CONTENT="la terre / comme ainsi soit que Demon"
                    HPOS="1179"
                    VPOS="454"
                    WIDTH="704"
                    HEIGHT="61"></String>
          </TextLine>

          
          
          <TextLine ID="eSc_line_31124133"
                    
                    BASELINE="1182 555 1881 550" 
                    HPOS="1177"
                    VPOS="497"
                    WIDTH="704"
                    HEIGHT="78">
            <Shape><Polygon POINTS="1182 555 1177 507 1873 497 1881 550 1878 570 1182 575"/></Shape>
	    <String CONTENT="soit et pose sauant ou sapience ou ainsi"
                    HPOS="1177"
                    VPOS="497"
                    WIDTH="704"
                    HEIGHT="78"></String>
          </TextLine>

          
          
          <TextLine ID="eSc_line_25c47cc7"
                    
                    BASELINE="1182 605 1883 605" 
                    HPOS="1182"
                    VPOS="557"
                    WIDTH="701"
                    HEIGHT="63">
            <Shape><Polygon POINTS="1182 605 1182 557 1883 557 1883 605 1883 620 1182 620"/></Shape>
	    <String CONTENT="que mieulx plaist aux autres dieu terri"
                    HPOS="1182"
                    VPOS="557"
                    WIDTH="701"
                    HEIGHT="63"></String>
          </TextLine>

          
          
          <TextLine ID="eSc_line_694fade7"
                    
                    BASELINE="1179 653 1876 658" 
                    HPOS="1174"
                    VPOS="600"
                    WIDTH="702"
                    HEIGHT="71">
            <Shape><Polygon POINTS="1179 653 1177 605 1871 600 1876 658 1871 671 1174 668"/></Shape>
	    <String CONTENT="ble ce que du sounerain et uray Dieu qͥ"
                    HPOS="1174"
                    VPOS="600"
                    WIDTH="702"
                    HEIGHT="71"></String>
          </TextLine>

          
          
          <TextLine ID="eSc_line_e6ad359b"
                    
                    BASELINE="1179 711 1881 711" 
                    HPOS="1177"
                    VPOS="658"
                    WIDTH="704"
                    HEIGHT="65">
            <Shape><Polygon POINTS="1179 711 1177 661 1878 658 1881 711 1881 723 1179 723"/></Shape>
	    <String CONTENT="es cieulx habite est leu ⁊ entendu quãt"
                    HPOS="1177"
                    VPOS="658"
                    WIDTH="704"
                    HEIGHT="65"></String>
          </TextLine>

          
          
          <TextLine ID="eSc_line_ba618354"
                    
                    BASELINE="1177 761 1881 761" 
                    HPOS="1177"
                    VPOS="713"
                    WIDTH="704"
                    HEIGHT="63">
            <Shape><Polygon POINTS="1177 761 1177 713 1881 713 1881 761 1881 776 1177 776"/></Shape>
	    <String CONTENT="lescripture Dit saint et terrible est son"
                    HPOS="1177"
                    VPOS="713"
                    WIDTH="704"
                    HEIGHT="63"></String>
          </TextLine>

          
          
          <TextLine ID="eSc_line_f72c6675"
                    
                    BASELINE="1177 814 1881 809" 
                    HPOS="1172"
                    VPOS="764"
                    WIDTH="709"
                    HEIGHT="62">
            <Shape><Polygon POINTS="1177 814 1172 769 1873 764 1881 809 1878 821 1177 826"/></Shape>
	    <String CONTENT="nom touttefois nostre dieu est terrible"
                    HPOS="1172"
                    VPOS="764"
                    WIDTH="709"
                    HEIGHT="62"></String>
          </TextLine>

          
          
          <TextLine ID="eSc_line_b2603580"
                    
                    BASELINE="1177 867 1878 862" 
                    HPOS="1172"
                    VPOS="814"
                    WIDTH="706"
                    HEIGHT="73">
            <Shape><Polygon POINTS="1177 867 1172 819 1871 814 1878 862 1876 874 1177 887"/></Shape>
	    <String CONTENT="pour autre cause car pour lintegrite de"
                    HPOS="1172"
                    VPOS="814"
                    WIDTH="706"
                    HEIGHT="73"></String>
          </TextLine>

          
          
          <TextLine ID="eSc_line_77d77b79"
                    
                    BASELINE="1179 919 1876 914" 
                    HPOS="1174"
                    VPOS="867"
                    WIDTH="702"
                    HEIGHT="70">
            <Shape><Polygon POINTS="1179 919 1174 872 1868 867 1876 914 1873 927 1179 937"/></Shape>
	    <String CONTENT="sa iustice Il est en iugement terrible a"
                    HPOS="1174"
                    VPOS="867"
                    WIDTH="702"
                    HEIGHT="70"></String>
          </TextLine>

          
          
          <TextLine ID="eSc_line_047aedac"
                    
                    BASELINE="1177 970 1873 970" 
                    HPOS="1177"
                    VPOS="922"
                    WIDTH="696"
                    HEIGHT="60">
            <Shape><Polygon POINTS="1177 970 1177 922 1873 922 1873 970 1873 982 1177 982"/></Shape>
	    <String CONTENT="ceulx qui mal sont. Mais demogorgõ :"
                    HPOS="1177"
                    VPOS="922"
                    WIDTH="696"
                    HEIGHT="60"></String>
          </TextLine>

          
          
          <TextLine ID="eSc_line_b0b9a374"
                    
                    BASELINE="1174 1022 1873 1017" 
                    HPOS="1167"
                    VPOS="967"
                    WIDTH="706"
                    HEIGHT="76">
            <Shape><Polygon POINTS="1174 1022 1167 975 1866 967 1873 1017 1871 1030 1174 1043"/></Shape>
	    <String CONTENT="nest terrible si non par folle credence de"
                    HPOS="1167"
                    VPOS="967"
                    WIDTH="706"
                    HEIGHT="76"></String>
          </TextLine>

          
          
          <TextLine ID="eSc_line_ddfdc8af"
                    
                    BASELINE="1172 1075 1876 1070" 
                    HPOS="1164"
                    VPOS="1020"
                    WIDTH="712"
                    HEIGHT="68">
            <Shape><Polygon POINTS="1172 1075 1164 1025 1868 1020 1876 1070 1873 1083 1172 1088"/></Shape>
	    <String CONTENT="ceulx qui par fol erreur fabuleux Dieu"
                    HPOS="1164"
                    VPOS="1020"
                    WIDTH="712"
                    HEIGHT="68"></String>
          </TextLine>

          
          
          <TextLine ID="eSc_line_012c0250"
                    
                    BASELINE="1172 1128 1876 1123" 
                    HPOS="1167"
                    VPOS="1075"
                    WIDTH="709"
                    HEIGHT="63">
            <Shape><Polygon POINTS="1172 1128 1167 1080 1868 1075 1876 1123 1873 1133 1172 1138"/></Shape>
	    <String CONTENT="lont creu et appelle Maintenant auãt"
                    HPOS="1167"
                    VPOS="1075"
                    WIDTH="709"
                    HEIGHT="63"></String>
          </TextLine>

          
          
          <TextLine ID="eSc_line_09e86436"
                    
                    BASELINE="1174 1178 1871 1173" 
                    HPOS="1169"
                    VPOS="1128"
                    WIDTH="702"
                    HEIGHT="63">
            <Shape><Polygon POINTS="1174 1178 1169 1133 1863 1128 1871 1173 1868 1186 1174 1191"/></Shape>
	    <String CONTENT="que des filz du dit demogorgo aucune"
                    HPOS="1169"
                    VPOS="1128"
                    WIDTH="702"
                    HEIGHT="63"></String>
          </TextLine>

          
          
          <TextLine ID="eSc_line_c3dca712"
                    
                    BASELINE="1174 1231 1873 1226" 
                    HPOS="1169"
                    VPOS="1176"
                    WIDTH="704"
                    HEIGHT="75">
            <Shape><Polygon POINTS="1174 1231 1169 1186 1866 1176 1873 1226 1871 1239 1174 1251"/></Shape>
	    <String CONTENT="mencion soit faicte nous uoirron quel"
                    HPOS="1169"
                    VPOS="1176"
                    WIDTH="704"
                    HEIGHT="75"></String>
          </TextLine>

          
          
          <TextLine ID="eSc_line_38f393dd"
                    
                    BASELINE="1174 1286 1853 1279" 
                    HPOS="1169"
                    VPOS="1231"
                    WIDTH="684"
                    HEIGHT="68">
            <Shape><Polygon POINTS="1174 1286 1169 1239 1846 1231 1853 1279 1851 1289 1174 1299"/></Shape>
	    <String CONTENT="que peu de chose De ses compaignes."
                    HPOS="1169"
                    VPOS="1231"
                    WIDTH="684"
                    HEIGHT="68"></String>
          </TextLine>

          
          
          <TextLine ID="eSc_line_01ea2f82"
                    
                    BASELINE="1237 1337 1871 1329" 
                    HPOS="1232"
                    VPOS="1279"
                    WIDTH="639"
                    HEIGHT="75">
            <Shape><Polygon POINTS="1237 1337 1232 1281 1863 1279 1871 1329 1868 1342 1237 1354"/></Shape>
	    <String CONTENT="De et̾nite cõpaigne de demogorgõ"
                    HPOS="1232"
                    VPOS="1279"
                    WIDTH="639"
                    HEIGHT="75"></String>
          </TextLine>

          
          
          <TextLine ID="eSc_line_17235ad7"
                    
                    BASELINE="1169 1387 1871 1387" 
                    HPOS="1169"
                    VPOS="1342"
                    WIDTH="702"
                    HEIGHT="62">
            <Shape><Polygon POINTS="1169 1387 1169 1342 1871 1342 1871 1387 1871 1397 1169 1404"/></Shape>
	    <String CONTENT="premier dieu des payens. Chapitre.i."
                    HPOS="1169"
                    VPOS="1342"
                    WIDTH="702"
                    HEIGHT="62"></String>
          </TextLine>

          
        </TextBlock>
        
        <TextBlock HPOS="186"
                   VPOS="1868"
                   WIDTH="168"
                   HEIGHT="91"
                   ID="eSc_textblock_23a9ec04"
                   TAGREFS="BT1463">
          <Shape><Polygon POINTS="186 1868 186 1959 354 1959 354 1868"/></Shape>
          
          
          <TextLine ID="eSc_line_cc1f79ac"
                    
                    BASELINE="198 1932 344 1925" 
                    HPOS="193"
                    VPOS="1885"
                    WIDTH="151"
                    HEIGHT="67">
            <Shape><Polygon POINTS="198 1932 193 1885 339 1887 344 1925 344 1950 198 1952"/></Shape>
	    <String CONTENT="Theodonce :"
                    HPOS="193"
                    VPOS="1885"
                    WIDTH="151"
                    HEIGHT="67"></String>
          </TextLine>

          
        </TextBlock>
        
        <TextBlock HPOS="1178"
                   VPOS="2166"
                   WIDTH="115"
                   HEIGHT="151"
                   ID="eSc_textblock_40d2e415"
                   TAGREFS="BT1462">
          <Shape><Polygon POINTS="1178 2166 1178 2317 1293 2317 1293 2166"/></Shape>
          
          
          <TextLine ID="eSc_line_0d9653e7"
                    
                    BASELINE="1181 2299 1281 2299" 
                    HPOS="1174"
                    VPOS="2171"
                    WIDTH="122"
                    HEIGHT="143">
            <Shape><Polygon POINTS="1179 2297 1174 2171 1296 2185 1280 2297 1280 2307 1179 2314"/></Shape>
	    <String CONTENT="N"
                    HPOS="1174"
                    VPOS="2171"
                    WIDTH="122"
                    HEIGHT="143"></String>
          </TextLine>

          
        </TextBlock>
        
        <TextBlock HPOS="1157"
                   VPOS="2201"
                   WIDTH="711"
                   HEIGHT="420"
                   ID="eSc_textblock_ce974765"
                   TAGREFS="BT">
          <Shape><Polygon POINTS="1858 2201 1868 2618 1639 2618 1639 2621 1167 2621 1157 2314 1290 2314 1290 2206 1328 2201"/></Shape>
          
          
          <TextLine ID="eSc_line_a9ff57c2"
                    
                    BASELINE="1292 2244 1866 2239" 
                    HPOS="1287"
                    VPOS="2181"
                    WIDTH="579"
                    HEIGHT="75">
            <Shape><Polygon POINTS="1292 2244 1287 2181 1431 2196 1602 2189 1710 2184 1712 2184 1861 2196 1866 2239 1866 2251 1292 2256"/></Shape>
	    <String CONTENT="Oꝰ auons cy ap̄s a ꝑler de et̾nite"
                    HPOS="1287"
                    VPOS="2181"
                    WIDTH="579"
                    HEIGHT="75"></String>
          </TextLine>

          
          
          <TextLine ID="eSc_line_67440d33"
                    
                    BASELINE="1262 2294 1863 2297" 
                    HPOS="1257"
                    VPOS="2239"
                    WIDTH="606"
                    HEIGHT="68">
            <Shape><Polygon POINTS="1262 2294 1262 2239 1861 2244 1863 2297 1858 2307 1257 2304"/></Shape>
	    <String CONTENT="laq̄lle les anciẽs ont au dieu De"
                    HPOS="1257"
                    VPOS="2239"
                    WIDTH="606"
                    HEIGHT="68"></String>
          </TextLine>

          
          
          <TextLine ID="eSc_line_48a2d5b3"
                    
                    BASELINE="1157 2344 1863 2349" 
                    HPOS="1154"
                    VPOS="2294"
                    WIDTH="709"
                    HEIGHT="68">
            <Shape><Polygon POINTS="1157 2344 1154 2299 1861 2294 1863 2349 1861 2362 1154 2362"/></Shape>
	    <String CONTENT="mogorgõ po᷑ ꝯpaigne dõnee. affĩ q̄ celui"
                    HPOS="1154"
                    VPOS="2294"
                    WIDTH="709"
                    HEIGHT="68"></String>
          </TextLine>

          
          
          <TextLine ID="eSc_line_8a0aeeed"
                    
                    BASELINE="1157 2400 1863 2400" 
                    HPOS="1154"
                    VPOS="2344"
                    WIDTH="709"
                    HEIGHT="71">
            <Shape><Polygon POINTS="1157 2400 1154 2352 1861 2344 1863 2400 1863 2415 1157 2415"/></Shape>
	    <String CONTENT="qͥ nul estoit sẽblast estre et̾nel ꝑ son nõ"
                    HPOS="1154"
                    VPOS="2344"
                    WIDTH="709"
                    HEIGHT="71"></String>
          </TextLine>

          
          
          <TextLine ID="eSc_line_257adf98"
                    
                    BASELINE="1157 2447 1858 2453" 
                    HPOS="1152"
                    VPOS="2400"
                    WIDTH="706"
                    HEIGHT="63">
            <Shape><Polygon POINTS="1157 2447 1157 2400 1856 2405 1858 2453 1853 2463 1152 2460"/></Shape>
	    <String CONTENT="elle se descrit ⁊ declare care elle ne peut ꝑ"
                    HPOS="1152"
                    VPOS="2400"
                    WIDTH="706"
                    HEIGHT="63"></String>
          </TextLine>

          
          
          <TextLine ID="eSc_line_2ac97f42"
                    
                    BASELINE="1154 2503 1861 2498" 
                    HPOS="1146"
                    VPOS="2447"
                    WIDTH="715"
                    HEIGHT="68">
            <Shape><Polygon POINTS="1154 2503 1146 2455 1853 2447 1861 2498 1858 2510 1154 2515"/></Shape>
	    <String CONTENT="aucũe quãtite de tẽps estre mesuree cõ"
                    HPOS="1146"
                    VPOS="2447"
                    WIDTH="715"
                    HEIGHT="68"></String>
          </TextLine>

          
          
          <TextLine ID="eSc_line_561749e0"
                    
                    BASELINE="1154 2551 1861 2556" 
                    HPOS="1149"
                    VPOS="2503"
                    WIDTH="712"
                    HEIGHT="63">
            <Shape><Polygon POINTS="1154 2551 1154 2503 1858 2508 1861 2556 1856 2566 1149 2563"/></Shape>
	    <String CONTENT="me aĩsi soit q̄lle cõtiẽne tout aage ⁊ ne"
                    HPOS="1149"
                    VPOS="2503"
                    WIDTH="712"
                    HEIGHT="63"></String>
          </TextLine>

          
          
          <TextLine ID="eSc_line_06b4aff8"
                    
                    BASELINE="1154 2603 1858 2611" 
                    HPOS="1149"
                    VPOS="2553"
                    WIDTH="709"
                    HEIGHT="80">
            <Shape><Polygon POINTS="1154 2603 1154 2553 1856 2553 1858 2611 1853 2633 1149 2628"/></Shape>
	    <String CONTENT="soit de aucũ ꝯtenue ⁊ me plaist ĩ ferer ce q̄"
                    HPOS="1149"
                    VPOS="2553"
                    WIDTH="709"
                    HEIGHT="80"></String>
          </TextLine>

          
        </TextBlock>
        

        
      </PrintSpace>
    </Page>
  </Layout>
</alto>
