2133 3016
193 170 166 98 Claudiensis

198 213 93 55 nota. ⁊c̄.

384 168 707 78 Claudien escript dicelle eternite au li

382 226 704 68 ure au quel par uers heroiques a recite

377 276 707 73 et eleue les louenges de stilcon en Di“

379 321 707 86 sant. La mere Des ans ⁊ de laage qui

374 379 712 75 mesuree ne peut estre est en une fosse ĩ“

377 434 712 71 congnue en lieu au quel nostre pensee

377 487 712 75 ne peut ueoir. et en laquelle les Dieux

377 535 712 85 pouoient a peine entrer qui suppedite ⁊

377 593 712 73 reuoque les temps. elle change toutes

372 643 717 70 choses auecques sa plaisante deite La

374 688 715 78 est ung serpent qui la fosse enlace ⁊ qui

377 748 712 73 perpetuellement rauerdist qui Deuore

379 791 702 88 sa queue ⁊ par taisible las de temps leˢ

379 854 712 68 commencemens des choses Reduict a

382 894 709 81 memoire. A lentree de la fosse est da

382 955 709 75 me nature assise ancienne ⁊ de belle fa

382 1010 709 68 ce a chascun Des membres dicelle pen

384 1055 705 73 dent les ames uolantes Est aussi ung

384 1110 702 76 uenerable uielart qui droictz nombres

384 1166 707 70 et proporcions aux corps celestes leurs

384 1218 707 71 cours et mouuemens et stacions diui“

387 1269 702 78 se ⁊ ordonne. Par les quelz toutes cho

387 1314 699 73 ses uiuenet et prennent fin : La Dessus“

387 1364 697 78 dicte fosse ainsi descripte Dit le poete q̄

387 1425 702 67 en certains lieux Dicelle habitent les

389 1477 702 76 siecles diuesres faces selon la distin

389 1520 697 78 ction de diuers metaulx par les quelleˢ

392 1575 704 73 choses roy tres uenintu puisses ueoir cõ

394 1623 702 81 me le poete descript par Doulx stille et

394 1678 700 73 oroison quelle chose est eternite ⁊ ce qui

397 1726 704 78 est en eternite contenu. Et affin que il

397 1792 702 65 monstre comment elle excede toꝰ tẽps

397 1839 704 71 Dit que la fosse Deternite cest adire la

397 1890 707 75 profundite incognue De son geron et

392 1942 709 71 longue stacion sicelle ne peut poĩt seu

397 1998 704 67 lement par les mortelz estre aggressee

397 2048 704 68 et a grant peine par les Dieux cest adi“

399 2103 705 63 re par les creatures beneurees qui enla

402 2143 702 83 presence de dieu sont peult estre parfai

402 2204 702 65 ctement cognue. Dit aussi quelle sup

402 2246 702 83 pedite les temps et reuoque Affin quil

404 2309 697 66 apparoisse que tout temps a en elle cõ“

402 2352 704 75 mencement prins prent ⁊ prendra : Et

397 2407 712 81 finablement retourne a sa fin Et pour

404 2463 702 70 ce qͥl apparoisse soubz quel ordre le poe“

407 2515 707 66 te descripts le serpent qui tousiours Ra

404 2558 700 83 uerdist conuient par ce entendre le tẽpˢ

628 67 186 68 Boccace

1031 62 531 73 De la genealogie des dieux

1182 165 712 68 qui quant a soy iamais en uiellesse ne

1182 221 709 68 tend. Et Dist quil Deuore ⁊ renge sa

1184 276 707 63 queue. Affin que par ce nous entendõs

1182 319 704 73 le las et circuition du temps : Car tous

1182 369 707 78 iours la fin dung an est le commence/

1182 429 709 66 ment de lautre et ainsi sera tant que le

1184 482 705 68 temps durera Du quel exemple a use.

1187 535 707 70 Pour ce que ce a este anciennement la

1184 580 710 78 coustume au egiptiens De descripre lã

1184 638 682 65 deuant que ilz receussent les lettres.

1192 688 699 73 Dit apres le poete que cela se fait tai /

1184 743 707 73 siblement / pource que quant nous ny

1184 789 710 80 pensons point le temps petit a petit sẽ

1179 844 715 70 ua : Dit aussi que nature est a lentree

1182 897 712 73 plaine De ames uollantes De toutes

1182 950 709 75 pars pource que continuellement elle

1184 997 707 71 donne ames a plussieurs creatures : A

1182 1050 707 73 ceste cause la descrit il estre Deuant leˢ

1184 1105 710 76 poetes De eternite affin que nous entẽ

1184 1161 710 65 dons que tout ce qui entre au geron de

1182 1213 714 63 ternite y entre par nature qui accroit ⁊

1184 1264 712 68 diminue les choseˢ peu ou moult durer

1187 1314 709 68 Et se doibt ce entendre de nature natu

1184 1369 710 63 ree. Car ce que nature naturãte dedẽs

1184 1412 705 78 met ne fortist iamais. Par le uiellar qͥ

1184 1472 707 66 en la fosse diuise les estoiles par nom“

1184 1525 707 68 bres ie croy que on Doibt entendre no“

1189 1568 707 83 stre uray Dieu non point pource que il

1192 1631 707 68 soit ueil Car en eternite ne chiet aucu

1189 1681 707 65 ne description daage Mais il parle a la

1192 1734 704 68 coustume Des mortelz qui dient et re“

1189 1784 707 73 putent ceulx qui sont De longue uie e /

1192 1832 699 80 stre ĩmortelz. ⁊ par ce qͥl diuise leˢ

1189 1892 710 63 estoiles par nombres Est donne a en“

1192 1940 707 68 tendre que les temps nous sont distin

1194 1993 700 70 guez et ordonnez par son ordonnace /

1197 2045 702 71 selon certain mouuement Des estoil“

1192 2088 702 73 les et corps celestes de luy constituez /

1194 2138 695 76 Affin que par la circuition du soleil noꝰ

1194 2201 705 66 auons lan par la reuolution de la lune

1192 2251 707 66 le mois ⁊ par la Reuolution entiere De

1199 2307 702 63 la huitiesme spere le iour. Mais quant

1199 2360 700 60 est Des cieulx lesquelz dit icy estre / on

1197 2412 702 66 en descripra assez amplement de soubz

1194 2458 642 75 la on parlera des cheuaux du soleil
