2133 3016
379 110 715 70 ainsi cõme plus aplain on uerra apres

382 165 712 68 est ung lieu de terre tres parfõt ⁊ muce

379 216 712 73 lequel par sens aliegorique pouõs pren

382 266 709 73 dre pour la profundite De la diuine pẽ

382 321 712 73 see laquelle loeil mortel ne peust pene

382 371 709 73 trer. Et cõme il soit ainsi que la diuine

384 424 707 81 pensee ainsi cõme soy uoyante entẽde

382 472 712 75 ce quelle doit faire : ⁊ que apres les aiẽt

384 527 707 78 ꝓduictes actuellemẽt auecques la na“

382 573 712 82 rure Des choses. Nous pouons Donc

382 628 712 83 facilement dire quelleˢ sont nees dẽfer

382 683 709 76 Cest adire du secret ⁊ tres parsonde inte

382 731 709 78 riore maison de la Diuine pensee / quãt

384 779 707 80 au regart De nous elles peuent estre di

384 836 707 76 ctes filles de tenebres. Car toutes les

384 889 710 73 choses q̄ la ueue de noz yeulx ne peult

384 945 707 75 penetrer sont De nous appellees cho“

384 992 707 78 ses obscures et les semblables naiant

384 1040 705 85 point De lumiere De nuyt. Et ainsi

384 1095 707 76 Doncques quant nous ne pouons pas

384 1151 707 72 ser aux choses intrinseques par lenten

384 1203 705 71 dement de la diuine pensee offusquees ꝑ

384 1246 705 83 lobscurite mortelle. Considere que il

387 1306 704 76 soit ainsi que mesmes elle soit tres no“

384 1349 707 81 ble : et aussi resplendissante De uiue et

384 1407 707 73 indeficiente lumiere. En la nommant

384 1462 705 76 nous luy attribuõs uice de nostre qua

387 1513 707 72 lite en appellant la nuyt la perdurable

387 1565 707 71 lumiere. Et ainsi seront filles de tene

387 1618 709 65 bres. Ou nous uoulons Dire pource

389 1666 705 73 que les Dispositions dicelles nous sõt

389 1721 705 71 incongnues que nous les appellõs ob“

384 1769 712 73 scures et filles De tenebres. Puis que

389 1824 705 68 ia nous auons parle des propres noms

397 1877 702 75 Il nous fault parler Des appellatifz ⁊

389 1922 700 71 communs. Tulles doncques les

394 1977 707 71 appelle parces et furies infernales aĩ

394 2033 705 70 si comme ie croy tout au cõtraire pour“

394 2088 690 60 ce quelles ne pardonnent a personne.

394 2136 702 75 Car certainement enuers elleˢ nya au

394 2184 705 72 cune acception De ꝑsonnages : ⁊ peult

394 2239 705 65 le seul dieu peruertir les forces et ordre

397 2284 704 70 Dicelles. Mais fatum ou fata qui est

394 2342 702 68 adire Destinee ou Destinees est Dit de

397 2392 702 78 for faris qui nous represẽte parler / ain

397 2445 699 75 si comme ceulx qui ont impose ce nom

394 2498 702 68 uouloient Dire : que Dicelles Doncq̄s

1144 95 712 73 leur Dit soit quasi irreuocable ou pre“

1152 155 704 71 ueu ainsi comme par les parolles De

1149 206 707 67 boece facilement on congnoisse pareille

1152 258 706 68 ment comme il semble que saint augu

1152 311 706 71 stin lentẽt en son liure de la cite de dieu

1154 359 702 75 Mais il a horreur Du mot admonne“

1152 412 704 80 stant que si aucun appelle la uoulente

1152 467 706 68 ou puissance De dieu par le nom De de

1152 520 709 75 stinee quil congnoisse la sentence ⁊ cha“

1152 565 271 88 stie sa langue.

1292 671 566 72 De polus siziesme filz De De

1295 723 460 73 mogorgon Chapitre. uiᵉ

1265 819 573 83 Ocuns dient que polus fut filz

1272 882 574 73 De demogorgon ⁊ afferme prona

1157 932 686 73 pides auoir dit icelle chose en son proto

1157 980 691 75 cosme de ce recitant telle fable q̄ quant

1152 1027 701 81 demogorgon estoit en son siege au preˢ

1146 1088 715 70 les eaues ⁊ cõposoit une rotondite du“

1149 1141 712 67 ne tenure terre icelle appella polus. Le

1149 1193 712 68 quel apres en desprisant les cauernes ⁊

1152 1244 691 78 paresse De son pere sen uola en hault.

1152 1294 711 70 Et pource quil estoit encores mol ensi

1152 1349 706 76 grant corps a este soule en senuolant ꝑ

1152 1399 709 68 telle facon que il auirõne tout ce que le

1152 1445 709 80 pere auoit par deuant ꝯpose. Mais il

1146 1502 710 68 nauoit encores aucun ornement. Cõe

1152 1553 706 70 il soit ainsi quil estoit en presence quãt

1154 1608 704 73 son pere forgoit ung mõceau de lumie

1154 1658 704 68 re ⁊ uiste ap̄s de ce les flamesches uoler

1152 1711 706 65 moult alumees au coup Du marteau

1154 1754 702 85 forgant lesquelles cueillit en son gerõ

1152 1817 706 65 ⁊ les porta en sa maison / ⁊ dicelles la or

1152 1867 704 70 na totalemẽt. Ie diroye icy aucũe cho“

1154 1917 702 76 se pour rire / uoiant ung ordre si inepte

1154 1970 702 68 De la cõposicion du mõde. mais iay de

1154 2023 699 65 uant ꝓmis que riens ie ne reprendray.

1149 2070 704 71 Certainemẽt pronapides ainsi cõme

1154 2126 699 68 aux autres choses ensuit lopinion De

1152 2176 701 68 ceulx qͥ Dient q̄ la terre a este produite

1154 2229 704 68 de la uoulẽte diuine enclose aux terres

1154 2272 704 72 quãt il dit q̄ polus par leq̄l ientẽˢ le ciel

1154 2327 702 73 a este fait de la terre extẽsible. Mais qͥl

1154 2385 704 75 soit ainsi qͥl ait orne sa maison Des fla

1149 2432 684 71 mesches procedantes De la lumiere.

1157 2485 694 91 Ie croy que il soit Dit pour ceste cause.

289 1942 88 66 Tules

1863 899 111 68 Pronapi

1873 942 33 113 des

1871 960 116 90 Mocumle

1861 992 131 61 Custondes

1159 831 108 134 A
