2133 3016
314 125 722 93 Car les seulz rays du soleil resplendis

316 196 710 75 sans les estoilles qui sõt au ciel fichees

319 246 707 78 par la nature nayant poĩt De lumie

321 289 705 82 re sõt faictes cleres. A ceste cause poluˢ

321 351 707 68 ainsi comme ie croy est Dit daucunes

321 402 710 67 de ses meilleurs parties. Car il est ain

324 454 704 78 si comme mõ uenerable precepteur an

329 512 699 61 dalo et aussi les anciens auteurs Da“

326 562 705 71 strologie Dient que tout le ciel tourne

324 613 702 75 sur Deux firmamens Des quelz  ilz ap“

324 666 702 72 pellent le plus prochain De nous arti“

324 718 707 66 que / mais lopposite lantartique. Tou

324 771 707 65 teffois aucuns appellent iceluy polux

326 824 569 65 Dont ie ne uois point la cause

198 595 83 71 Andais

462 975 564 73 De phiton septiesme filz de de

455 1035 488 68 mogorgon Chapitre. viiᵉ.

1089 128 727 73 apres la porta oultre traprobane ⁊ get“

1096 183 717 73 ta par six fois aux eaues ce mõceau de

1096 236 715 68 lumiere et autant De fois auoir trou“

1096 289 712 67 ue en uau le uent : ⁊ tout pour cause

1099 346 709 63 affin que par quelconque circuicion ia“

1099 392 709 72 maiˢ ne peult estre diminue : ou par suc

1099 442 712 70 cession De temps macule De roullieu

1099 490 709 75 re. Et affin que luy estãt legier fust

1099 547 712 76 porte De toutes pars. Lequel tout sou

1101 598 705 75 dainemẽt en soy esleuant en hault en

1099 648 707 73 tra en la maison De polus ⁊ ẽplit tout

1094 701 712 73 le siege De son pere De lumiere / mais

1099 754 704 72 De ses plungemens les eaues qui par

1096 809 707 68 auant estoient Doulces ont prins une

1099 859 704 68 amertume De saline : ⁊ lair pour apar“

1106 904 687 76 ceuoir les rays de la lumiere a este fait

1091 960 702 78 ung oeuure Deroes. Orpheus qui

1099 1015 704 70 est quasi De tous les poectes le plus

1099 1068 704 70 ancien comme lactance dit en son liure

1101 1120 702 66 Des institucions diuines Ie cuide que

1101 1173 699 76 phiton fust le premier tres grant ⁊ uray

1101 1223 699 68 Dieu. Et que Dicelluy toutes choses

1101 1276 699 76 fussent produites et crees / laquelle cho

1096 1327 704 77 se par auanture lui eust trouue lieu en

1094 1377 704 70 ceste oeuure attẽdu si grant tesmoing

1096 1435 702 70 Comme il soit ainsi que cõme ie croy

1099 1475 691 78 orpheus ny aduertissoit guieres ou po᷑

1096 1538 702 65 ce que il ne scauroit concepuoir en son

1096 1590 704 63 courage aucun auoir este non engẽdre

1096 1641 702 68 eust escript prothogonus : phyton : pery

1091 1691 709 68 metheos. neros : ⁊ yos. Laquelle chose

1094 1744 706 68 tournee en latin signifie phiton au cõ“

1094 1797 704 67 mencemẽt engendre et naistre par lõg.

1094 1842 706 73 air Et aĩsi il nest point premier cõme il

1094 1897 706 68 auoit dit. Sil est engendre Dair oul

1094 1952 704 68 tre plus au dessus lactance lapelle pha

1094 2008 701 62 neta Lordre ia sirius Desire que nous

1094 2063 689 60 uoions q̄ ce nest que fiction mussee / la

1094 2111 699 63 quelle chose apparetra cleremẽt mais

1094 2161 699 65 que la significacion des nõs soit expli“

1089 2206 709 68 quee. Oguce au liure des uocables dit

1094 2267 699 65 q̄ phiton est le soleil ⁊ ce nom phiton a“

1094 2312 699 80 prins dun serpent nomme ainsi dicelui

1091 2362 697 80 surmonte. Tout ne plus ne moins dit

1081 2420 702 73 polen son liure lequel il intitule Des

1086 2470 712 70 collections Phanos ou phaneta a nestre

1089 2525 706 73 autre chose que apparicion : ⁊ la lactãce

1589 45 189 83 fueillet

1828 47 53 78 x

337 2008 105 125 P

1800 942 111 53 Orpheus

1800 975 111 55 Lactance

445 2000 588 70 hyton ainsi conme tesmoigne

455 2060 573 66 pronapides fut filz De demogor

332 2113 701 63 gon et De la terre. De la natiuite Du

324 2151 707 75 quel il recite une telle fable. Car il Dit

324 2209 702 68 ainsi que Demogorgon plain Dennuy

329 2259 697 70 monta aux montaignes acroceranneˢ

324 2317 704 63 et quil arracha Dicelles une trop gran

329 2365 699 67 de et enflambee meule et que inconti“

324 2415 702 73 nent la arrondit par tenailles de fer et

326 2473 697 65 apres auec le marteau la fonda et afer

326 2525 697 71 mist en la montaigne De cancase puis

1795 2068 86 58 Ugnee

1793 2395 68 78 Sol
