2133 3016
289 145 727 78 du troit caren son dieu on nepeut pene

296 208 720 63 trer les Pais du soleil ⁊ ⁊ mpa auci᷑ :nou

294 256 722 70 uement dair par la contrieation duauel

294 311 719 68 i couisse estre e schause. Et quil soit ain

294 364 719 65 si quil puisse estre pa resseur au uentre

296 414 720 66 de sa mere ilappertasse᷑ car ilne peut

294 464 717 71 monte aux superieurs lieux ⁊ sil x mõ

294 520 722 65 tesl ne sera plus enler. Et est impropre

291 573 720 65 mẽt appelle filz de la terre car quelque

291 623 725 65 cose que la mere concoiue si ce qui est

291 676 720 70 conceu ne uient a la lumiere mne peut p

296 731 715 65 droit estre dit lilz mais es Dit estre sans

294 781 714 68 pere cũceu. Car nous copons le corps

291 834 715 60 de la terre quoir des concauite. Erou“

286 887 720 63 tesfois nous ne sõmes point asse ⁊ cer“

289 942 717 60 tains st ele aura eu cõmencement De“

284 987 719 66 auis la creation ou de ce qui sen es en“

281 1032 722 76 fuiuy apres la creation. hoais uicgste

286 1093 717 73 pour le fesmoinu des choses deuantdi“

284 1146 719 62 ctes. dit ainsi icelui enser seulemẽt par

289 1198 697 63 deux foys apparoit tresuchier. ⁊ Ua

289 1251 714 65 soubs les Umbrages autant que le sou“

286 1299 715 70 pecõnemẽt du ciel ten d au ciel de air ce

1074 150 714 76 estre da pge anciene ⁊ psaite ⁊ ap̃s ueit

1079 211 709 67 Et quant il eut enseigne le diuinemẽt

1074 268 709 61 aur ẽtangiers sou dainement ne com

1081 314 699 73 pacut en auci lieu. les auditeurs ont

1076 371 704 63 cuide que ce fust Dieu ⁊ lont ausi creu

1074 424 704 63 estre filz de la tere ⁊ lont nõme tages

1071 477 709 60 lequel nomn anciẽnement en langue e“

1071 527 709 63 thrusque autant signilioit que ce que

1071 578 712 67 nous est signilie par la l afque latine di“

1071 630 712 63 eu. Et icelui apres ont homnore ou lieu

1071 683 707 65 du souuerain dieu. C sidore dit icelui en

1066 726 714 73 lant estre trouue du dusiaue quant it

1074 789 706 63 eut oste son sor souba le pason de la ter

1074 841 704 63 re ⁊ depuis ne sut ueu des etrusques “

1074 892 704 63 en icelle leur auoit enseigne le Diuine“

1063 937 712 70 ment ⁊ ausi dicelle auoit laisse Des l“

1061 982 714 78 ures lesuel gres trãsfaterent les ũõ

1063 1045 712 65 mains en la propre langue. Dee laauel“

1063 1090 715 73 le fiction ie croy tel sens auoir este cest

1063 1146 712 70 aauoir aucun pouoir auoir este qui lo

1058 1196 717 73 auement estudiant enuiron le Diuine“

1061 1251 714 68 ment ⁊ pour le prousit ⁊ utilite de con“

1056 1301 719 68 templation des hõmes la compaignie

1058 1357 715 65 despreisiteet laissee comparut la ou lon

1058 1407 717 65 ne le cuisdoit point soubdaimnement eru

1058 1460 715 65 dit ⁊ letre. Et pource que pgr aduẽtu

1058 1513 715 62 rre en aueu daucune losse de la terre len

1058 1560 710 73 fantement est chose leincte fut en p̄sen

1061 1613 707 65 ce ⁊ deuãt les peulx de celuiqui le chãr

1053 1658 710 73 ladouroit ains cõme sil fus appacru de

1058 1719 707 70 qassons de tere. Et a este souuent nõ“

1061 1766 697 68 ne du rustique le filz de la terre Et po

1058 1817 692 73 lele causea este dit sans pere pource

1058 1874 702 66 naisance a este incongnue. Cultrerol

1058 1920 702 70 les anciens ont acousiume appeler le

1058 1972 710 71 estrangiters qui a eulx par teredenoiet

1058 2030 710 68 silz de la terre. C ue ilz appelloiẽt ceulx

1058 2083 707 65 qut estoient qpporte ⁊ par mer les filz de

1058 2126 710 75 la mer. uoais il est dit ensant pourceqⁱl

1058 2189 710 62 est nouueau ⁊ soubdainemẽt uieil ⁊ an

1058 2239 707 65 cten pource quil est trouue prudene ⁊ e“

1058 2282 707 75 audit laquelle chose appartient au r ui

1058 2344 707 63 eulx ⁊ anciens. quil soit aduenu au

1056 2397 707 58 chaeny tarquinense cest ou pour ce que

1058 2447 702 66 ainsia este en ce lieu la tages premiere“

1056 2500 704 63 s̄ēñt Dõuineu q̄ꝰu pource que les etru

1056 2551 702 75 ses unl fait mais au hriet terme De

495 1452 443 76 dee tages quart sil De

490 1513 324 62 la tere chab ri

291 1667 126 122 Ci

394 1658 609 73 u Aes ains cõme ont aslerme lrs

409 1721 599 65 gentilz ⁊ principalement les tus“

281 1769 725 63 ques est filz de la terre sãs pere cõgneu

284 1822 719 65 Quauel pol perusin recite que qu at au

286 1877 712 60 cunemẽt il enla la terre au champ tar“

286 1922 715 68 quinensle enuers les estrusques. Lcelui

286 1975 717 68 custique a quiestoit le petit chamy fort

286 2023 712 70 esmeu dicesle nonalite quiestoi cou

284 2083 719 60 nuoiteuux de Ueoir quelle chose a aduenir

286 2136 720 60 ticelle enlleure de tere deuoit monstrer

286 2189 717 60 attendit aucun peu a la fin cõe Ung in“

289 2239 712 68 patiẽt print une beche⁊ petit a pelit co“

286 2284 705 65 meca ⁊ four icellui lieu ⁊ ne touxt pa

284 2337 712 70 qr tmenlt que incontinelt sailit du gas“

286 2387 715 73 son de terre ung petit ensant ⁊ fantost

289 2447 707 68 sut dicelui monstre moulz esbaby ⁊ a

289 2500 707 61 pela ses Uoisins ⁊ ne fut point longue“

284 2548 712 70 ment qui maintenãt en antc estoit Ueu

1177 75 309 75 fues let. pi
