2133 3016
246 218 86 66 oror

362 103 722 85 te Uray Du saulx. Eest contente De

369 165 710 73 Papryorter tout ce quelle opt dire pour

359 216 717 73 Uerite En oultre ouideen son grãt uo“

364 268 712 76 lueme Descript la maison Delle en ceste

364 321 717 76 maniere. ͥl paong lieu au milieu Du

364 374 715 70 monde entres les terres ⁊ la mer ⁊ les ce

364 417 707 83 lestielles regions uoisines ⁊ procsiaineˢ

367 475 712 77 du monde friple done on regar de ce qui

367 525 709 80 est ⁊ aucunlieu combite quil ne soit poit

367 585 712 70 auy desions ⁊ ⁊ ceste uoir penetre les ca

369 633 710 78 ues ⁊ se tiẽt aur dens ⁊ aur haur lieur

369 686 707 80 q se esluit sieu en layre ⁊ a Des entrees

369 736 707 75 innumerables. CElle apparoit iour et

369 789 707 75 mupt elle est toute par la bouche Reso“

372 841 704 76 nante elle est qui toute fremit ⁊ qui ra“

374 887 707 85 portle ce quon dit ⁊ recōmence tout ce q̄l

374 947 702 78 le prt. ten esle nya Repos ne ausi eu

374 992 702 78 aucune part quelaue pou de siltrce. Et

374 1048 705 80 na poit seulemẽt clameur mais dau

374 1095 707 83 cune petite doir pa grant murmure cõ

374 1153 710 78 me ont decoustume destre ceulx que au

377 1206 709 73 cun de loing peult ourr des Undes ⁊ Ua

382 1259 707 83 ques de la mer Uou unq̃ semblable son a

382 1306 702 81 celqui qui fust fait quant iupiter Rom“

382 1359 681 81 pit les noires ⁊ merueileuses nuees /

1267 1382 586 85 Qeodõre dit ⁊ asferme queense

382 1412 709 75 laquelle chose Remndit Umu ertreme to“

1275 1437 571 78 fut filz De la terre sans auoir eu

382 1465 704 75 noire ⁊ ⁊ lors la graude compagnie des

1149 1487 709 83 pere. arlann escript quil estoit pare“

382 1518 707 80 nens se ient aur gd̃des ⁊ espacieuses

1152 1535 704 83 eeur ⁊ nonclalant ⁊ quil estoit encoreˢ

384 1570 707 71 maisons. Et plusieurs autres choses

1152 1593 709 75 Ui oentre de sa mere pource que la sage

384 1618 710 75 de Renõmee Doit icellui ouide cõme tu

1152 1646 709 80 feme ne Uoulut dõner secours a lensõ“

387 1663 707 86 pourrae ueor en le fisant Et ausi icel

1152 1699 709 70 tement pource q̄lle auoit ensante Re“

382 1721 709 76 les choses sont aUng homumne moins e“

1152 1749 709 75 mõmee au desbonneur des dieux Ceste

384 1771 710 78 cudit aser saciles ⁊ congnues sourtãt

1154 1799 707 83 sirtion ⁊ prins sa cquse de lesect car la

384 1827 710 70 il ceste auoir ueu que cest que pol ueult

1157 1854 704 76 sage feme nestoit point a celui qui ne

384 1879 707 73 entendre quant il a adiouste a la fable

1157 1897 701 78 deuoit point naistre ou elle ne Deuoit

384 1930 710 73 que Lemõmee est nee asin quelle Eaco“

384 1980 710 70 tast les lais fait z des dueuur laq̃lle chose

1149 1947 707 91 point donner faueur ⁊ lensantement qⁱ

1152 2008 706 73 ne deuoit point Uenir Certaimnemẽt au

384 2025 702 81 ne croprs point estre autre chose fors q̄

1154 2055 702 78 cuns anciens ont cuide auil p eust Ung

387 2086 709 72 les mnoindres par force ne peuent Aies

1154 2113 704 73 lieu par font ⁊ creux au milieu de la ter

387 2136 707 73 aux grans apres que pgr paroles on a

1154 2166 704 70 ce ⁊ que les ames des pecheurs fussenl

387 2186 707 76 aur orans mõstre leur infamie slz ses“

1154 2219 702 70 la asligees ⁊ tormentees de peiues ain

382 2236 712 81 forcent de eulx courouser Pour icelle

1154 2264 702 85 si õme Udirqile ase le demonstre a la de

384 2289 712 76 cause ilz ont Uoulu quelle soit sille de la

384 2344 712 68 tere car Lenommee mest point dautre

1154 2314 707 86 srente De eue es ensters. Et ueulent

1154 2372 707 73 quil soit dit enser cest selon lopinion de

384 2395 712 73 lieu que des gestes qui sont fait ⁊ sur la

1144 2427 714 76 sisioore en son liure Des ethimnologies

384 2447 712 71 terre cquelle ne auit poit de pere ce nest

1157 2470 696 98 au qi ue ⁊ ins es ppelz dielatreme

379 2495 715 91 pae nat Dit cay conbien une souuent

1129 95 727 80 an iamnore laucteur de la enõmee Des

1136 148 722 83 choses saictes lesquelles cõmunemẽt

1139 206 717 80 font faulces lequel troue pouroit e“

1139 281 498 60 stll qlsl fs q̄᷑ qE q̄ qũ qlee“

1340 359 453 75 ue fartare tiers silz de

1335 417 315 68 la terre chaõ ci

1866 1377 123 68 ronõs

1863 1465 126 58 pemng

1863 2246 101 68 õrs

1868 2460 114 30 q.E. EE E

1152 1391 115 132 fi
