2133 3016
231 243 108 58 Poe

359 163 720 68 chement de chair. Et fut itcelui cõe sat

362 223 714 61 auaustin dit du temps que Regnoit ar

357 266 719 68 gis Danaus. Mais eusebe dit quil fusg

362 321 712 68 du tẽps que Regnoit egeus a athenes.

364 382 710 60 Et leonce dit que cestout du temps que

362 424 629 76 argis Regnoit enuers les arines

513 525 475 70 De herebus neufuisesae

487 580 516 75 fit de Demogorgon qui eut

487 628 516 78 rri silz desquel le prenier

487 691 516 70 fut gmour. Ca seconde gra“

487 743 506 61 ce. se tiers labeur. Ca quar

482 791 521 66 te euie. Ca cinquiesme peur

487 844 501 70 Le ui. Deception. e uil

487 897 509 68 fraude. Ca uiˢ obstinatiõ

485 950 511 67 ba ioꝰs soufrete. Ca r mise

477 1000 516 65 re. Poniesme fain. Ca ri᷑ꝰ

485 1053 508 62 complainte. La riz. mala“

485 1098 503 70 die. ba rit uieillesse pe r ũ

480 1156 493 70 palleur. Ca ruit. tenebres

485 1208 511 71 Le ruit. Repos. Le rui la

485 1256 506 71 nort. Le xirꝰ charon Le rr

485 1304 516 73 leiourse rriˢ lair. chap̃ ri

1126 150 717 81 suries infernales ⁊ ladoiscorde ⁊ fome

1131 216 710 68 des songes. Res sieges de centaurus le

1126 266 717 70 briaree de scola ⁊ le serpent lerneus ⁊ ⁊

1129 324 712 65 la chimere armee De siambes auec les

1131 377 707 67 gorgones harpies. Et aussi gerion De

1129 427 712 65 trois corps ⁊ cerherus De trois ioes gar

1129 475 712 67 dant les bups denfer. oultre icelui he

1126 527 712 71 rebus estre arouse De quatre fleuues

1126 583 717 65 cestasauoir de a cheronte de pilegeon

1129 633 712 70 ⁊e stpge /⁊ de cocytus. Et it charon

1126 678 717 73 estre le maistre matenot Dachero a leqͥl

1129 738 712 71 porte les ames Des mors au plus par“

1129 784 712 78 fond defer. Auer ce mino est de radama

1129 841 712 68 tes ⁊ Des eaues qui uersent auxr urnes

1126 894 717 66 les merites dez entrãs ⁊ gettes aux fleu

1126 939 712 73 ues les sors geans ⁊ ausi salmeon ⁊ t

1126 990 715 75 cion decire De la uausitour. ision qui est

1126 1043 712 72 dune Poe perpetuelle circonuoisin Et

1126 1098 712 70 auss sispphus boutant lxens en hault

1126 1153 712 68 les grandes pierres ⁊ Roches de sa pot“

1126 1206 712 63 trine/⁊ tantalus entre les undes ⁊ les

1126 1256 710 68 hõmes mourant de fain ⁊ de fois. ⁊ the“

1129 1311 709 71 seus qut est condatne Dune perpetuelle

1129 1359 709 68 gesiuetez⁊ les autres ⁊ tous ceulx cy de“

1126 1412 712 65 dens les murs de fer De pluto soubz la

1121 1462 715 71 uengeresse tisiphon cucie ⁊ tormetez

1126 1510 712 78 femblablenẽt it ont icelui mcsment

1129 1560 709 76 appelle par plusieurs noms sans ce nõ

1131 1623 710 63 cy herebus. Cestassauoir tartarus or“

1131 1673 707 68 cus. dis auernus haratri ⁊ infernus.

1131 1726 710 63 Et ainsi diẽt quil est pere de plusieurs

1126 1774 712 75 filz qaultre ces choses ueues il faultue

1129 1822 709 75 ir au descouurement de la uerite mus

1129 1885 707 65 see. lr ueulent doncques icelsui esre

1124 1925 714 80 filz de la tere ⁊ de demogorgon pouce

1131 1985 707 65 quilz ont cuide que demogorgon fst le

1129 2040 707 63 createur de toutes choses. Ilz dient q̃lz

1124 2081 717 72 est silz De la tere car aiusi quil appert

1126 2136 710 73 l est musse au uentre Delle. pEt nopoit

1129 2189 709 73 seulement les gentilz ont cude icttu

1126 2241 707 71 estre le lieu des peines ⁊ tormens ⁊ mauˢ

1126 2302 710 63 aussi aucuns nobles cr esticns esmeu“

1121 2349 710 68 par aduenture par ceste Laison car cor“

1126 2397 710 71 ne il soit ains que dicu soit la souerai

1124 2455 709 65 ne honte ⁊ celui qui cõnnrt aucun peche

1124 2508 714 60 lequel par adu ẽture est mauaiz ⁊ par

1124 2558 712 73 ginst soit fait mauuais it es de ncessi“

1436 72 357 81 uellet  rõ

470 1407 599 83 uys que les fibz de la tere sont

498 1470 573 68 crpediez le stibe doit estre eduit

349 1510 725 75 a herebus lequel cõme dit pol allegant

354 1573 720 65 chrisippus fut filz de demogorgon ⁊ De

352 1626 714 65 la terre. ⁊ croy icellui estre ungmesme

354 1668 720 76 auec enfer Cõe ilsoit assique tor les an

354 1729 720 63 ciens semblent cropre icellui estre en en

354 1774 715 73 trailles de la tere denser. sous auon“ˢ

354 1834 720 66 dit les coupables ⁊ uicieux estre punis

354 1887 722 68 par tormens. Coutesfois les anciens

354 1935 720 70 en ont escript plusieurs choses ⁊ singu

359 1990 710 65 lieremẽt uirglle au siriesme liure de ses

359 2033 707 75 enendes lesquelles choses briefuenet

359 2088 715 75 ie passeray pource que es choses suyuã

357 2146 712 65 tes sera a peu pres De tous faicte plus

352 2191 714 76 prolire mention. Dit doncaues uirgi“

354 2246 717 68 le que es ioes dicellui sõt ses sormes ter

357 2302 709 68 ribles a ueoir cessauoir oleurs et cures

357 2352 709 68 uẽgerresses maladies estans palles ⁊

357 2400 712 75 triste uieillesse ⁊ ⁊ aussi craintez fain : et

357 2453 712 77 pourete terrible ⁊ la mort ⁊ le labeur et

357 2508 709 73 le sommeil ⁊ les mauuaises iopes de la

357 2553 699 83 ne. Etoune bataille portant mortz ⁊ le

238 1580 116 71 Poidiol

259 2020 85 66 Pinaes

223 165 136 58 Pro his

367 1404 120 141 Ps
